
@book{Jurafsky:2009:SLP:1214993,
 author = {Jurafsky, Daniel and Martin, James H.},
 title = {Speech and Language Processing (2Nd Edition)},
 year = {2009},
 isbn = {0131873210},
 publisher = {Prentice-Hall, Inc.},
 address = {Upper Saddle River, NJ, USA},
}
